@Article{Okuda2013a,
author="Okuda, Satoru
and Inoue, Yasuhiro
and Eiraku, Mototsugu
and Sasai, Yoshiki
and Adachi, Taiji",
title="Reversible network reconnection model for simulating large deformation in dynamic tissue morphogenesis",
journal="Biomechanics and Modeling in Mechanobiology",
year="2013",
volume="12",
number="4",
pages="627--644",
issn="1617-7940",
doi="10.1007/s10237-012-0430-7",
url="https://doi.org/10.1007/s10237-012-0430-7"
}

@book{jt,
author = {山田, 一郎 and 山田, 次郎 and 山田, 三郎 and 山田, 四郎},
year = {2019},
title = {文献1},
publisher = {五郎社},
isjapanese = {true}
}
